@article{ding2021deep,
  title={Deep generative model embedding of single-cell RNA-Seq profiles on hyperspheres and hyperbolic spaces},
  author={Ding, Jiarui and Regev, Aviv},
  journal={Nature communications},
  volume={12},
  number={1},
  pages={2554},
  year={2021},
  publisher={Nature Publishing Group UK London}
}

@article{de2019multi,
  title={Multi-study factor analysis},
  author={De Vito, Roberta and Bellio, Ruggero and Trippa, Lorenzo and Parmigiani, Giovanni},
  journal={Biometrics},
  volume={75},
  number={1},
  pages={337--346},
  year={2019},
  publisher={Wiley Online Library}
}

@article{jerby2021pan,
  title={Pan-cancer mapping of single T cell profiles reveals a TCF1: CXCR6-CXCL16 regulatory axis essential for effective anti-tumor immunity},
  author={Jerby-Arnon, Livnat and Tooley, Katherine and Escobar, Giulia and Dandekar, Gitanjali and Madi, Asaf and Goldschmidt, Ella and Lambden, Conner and Rozenblatt-Rosen, Orit and Anderson, Ana C and Regev, Aviv},
  journal={bioRxiv},
  pages={2021--10},
  year={2021},
  publisher={Cold Spring Harbor Laboratory}
}

@inproceedings{weinberger2022disentangling,
  title={Disentangling shared and group-specific variations in single-cell transcriptomics data with multiGroupVI},
  author={Weinberger, Ethan and Lopez, Romain and H{\"u}tter, Jan-Christian and Regev, Aviv},
  booktitle={Machine Learning in Computational Biology},
  pages={16--32},
  year={2022},
  organization={PMLR}
}

@article{boyeau2022deep,
  title={Deep generative modeling for quantifying sample-level heterogeneity in single-cell omics},
  author={Boyeau, Pierre and Hong, Justin and Gayoso, Adam and Jordan, Michael and Azizi, Elham and Yosef, Nir},
  journal={bioRxiv},
  pages={2022--10},
  year={2022},
  publisher={Cold Spring Harbor Laboratory}
}

@article{lopez2018deep,
  title={Deep generative modeling for single-cell transcriptomics},
  author={Lopez, Romain and Regier, Jeffrey and Cole, Michael B and Jordan, Michael I and Yosef, Nir},
  journal={Nature methods},
  volume={15},
  number={12},
  pages={1053--1058},
  year={2018},
  publisher={Nature Publishing Group US New York}
}

@article{gao2023haplotype,
  title={Haplotype-aware analysis of somatic copy number variations from single-cell transcriptomes},
  author={Gao, Teng and Soldatov, Ruslan and Sarkar, Hirak and Kurkiewicz, Adam and Biederstedt, Evan and Loh, Po-Ru and Kharchenko, Peter V},
  journal={Nature Biotechnology},
  volume={41},
  number={3},
  pages={417--426},
  year={2023},
  publisher={Nature Publishing Group US New York}
}

@article{gavish2023hallmarks,
  title={Hallmarks of transcriptional intratumour heterogeneity across a thousand tumours},
  author={Gavish, Avishai and Tyler, Michael and Greenwald, Alissa C and Hoefflin, Rouven and Simkin, Dor and Tschernichovsky, Roi and Galili Darnell, Noam and Somech, Einav and Barbolin, Chaya and Antman, Tomer and others},
  journal={Nature},
  pages={1--9},
  year={2023},
  publisher={Nature Publishing Group UK London}
}

@article{stuart2019comprehensive,
  title={Comprehensive integration of single-cell data},
  author={Stuart, Tim and Butler, Andrew and Hoffman, Paul and Hafemeister, Christoph and Papalexi, Efthymia and Mauck, William M and Hao, Yuhan and Stoeckius, Marlon and Smibert, Peter and Satija, Rahul},
  journal={Cell},
  volume={177},
  number={7},
  pages={1888--1902},
  year={2019},
  publisher={Elsevier}
}

@article{lee2020lineage,
  title={Lineage-dependent gene expression programs influence the immune landscape of colorectal cancer},
  author={Lee, Hae-Ock and Hong, Yourae and Etlioglu, Hakki Emre and Cho, Yong Beom and Pomella, Valentina and Van den Bosch, Ben and Vanhecke, Jasper and Verbandt, Sara and Hong, Hyekyung and Min, Jae-Woong and others},
  journal={Nature genetics},
  volume={52},
  number={6},
  pages={594--603},
  year={2020},
  publisher={Nature Publishing Group US New York}
}

@article{jerby2021opposing,
  title={Opposing immune and genetic mechanisms shape oncogenic programs in synovial sarcoma},
  author={Jerby-Arnon, Livnat and Neftel, Cyril and Shore, Marni E and Weisman, Hannah R and Mathewson, Nathan D and McBride, Matthew J and Haas, Brian and Izar, Benjamin and Volorio, Angela and Boulay, Gaylor and others},
  journal={Nature medicine},
  volume={27},
  number={2},
  pages={289--300},
  year={2021},
  publisher={Nature Publishing Group US New York}
}

@article{butler2018integrating,
  title={Integrating single-cell transcriptomic data across different conditions, technologies, and species},
  author={Butler, Andrew and Hoffman, Paul and Smibert, Peter and Papalexi, Efthymia and Satija, Rahul},
  journal={Nature biotechnology},
  volume={36},
  number={5},
  pages={411--420},
  year={2018},
  publisher={Nature Publishing Group US New York}
}

@article{wolf2018scanpy,
  title={SCANPY: large-scale single-cell gene expression data analysis},
  author={Wolf, F Alexander and Angerer, Philipp and Theis, Fabian J},
  journal={Genome biology},
  volume={19},
  pages={1--5},
  year={2018},
  publisher={Springer}
}

@article{boiarsky2022single,
  title={Single cell characterization of myeloma and its precursor conditions reveals transcriptional signatures of early tumorigenesis},
  author={Boiarsky, Rebecca and Haradhvala, Nicholas J and Alberge, Jean-Baptiste and Sklavenitis-Pistofidis, Romanos and Mouhieddine, Tarek H and Zavidij, Oksana and Shih, Ming-Chieh and Firer, Danielle and Miller, Mendy and El-Khoury, Habib and others},
  journal={Nature Communications},
  volume={13},
  number={1},
  pages={7040},
  year={2022},
  publisher={Nature Publishing Group UK London}
}

@article{liu2021co,
  title={Co-evolution of tumor and immune cells during progression of multiple myeloma},
  author={Liu, Ruiyang and Gao, Qingsong and Foltz, Steven M and Fowles, Jared S and Yao, Lijun and Wang, Julia Tianjiao and Cao, Song and Sun, Hua and Wendl, Michael C and Sethuraman, Sunantha and others},
  journal={Nature communications},
  volume={12},
  number={1},
  pages={2559},
  year={2021},
  publisher={Nature Publishing Group UK London}
}

@article{andor2020joint,
  title={Joint single cell DNA-seq and RNA-seq of gastric cancer cell lines reveals rules of in vitro evolution},
  author={Andor, Noemi and Lau, Billy T and Catalanotti, Claudia and Sathe, Anuja and Kubit, Matthew and Chen, Jiamin and Blaj, Cristina and Cherry, Athena and Bangs, Charles D and Grimes, Susan M and others},
  journal={NAR Genomics and Bioinformatics},
  volume={2},
  number={2},
  pages={lqaa016},
  year={2020},
  publisher={Oxford University Press}
}

@article{demetci2022scot,
  title={Scot: Single-cell multi-omics alignment with optimal transport},
  author={Demetci, Pinar and Santorella, Rebecca and Sandstede, Bj{\"o}rn and Noble, William Stafford and Singh, Ritambhara},
  journal={Journal of Computational Biology},
  volume={29},
  number={1},
  pages={3--18},
  year={2022},
  publisher={Mary Ann Liebert, Inc., publishers 140 Huguenot Street, 3rd Floor New~â€¦}
}

@article{gayoso2021joint,
  title={Joint probabilistic modeling of single-cell multi-omic data with totalVI},
  author={Gayoso, Adam and Steier, Zo{\"e} and Lopez, Romain and Regier, Jeffrey and Nazor, Kristopher L and Streets, Aaron and Yosef, Nir},
  journal={Nature methods},
  volume={18},
  number={3},
  pages={272--282},
  year={2021},
  publisher={Nature Publishing Group US New York}
}

@article{papalexi2021characterizing,
  title={Characterizing the molecular regulation of inhibitory immune checkpoints with multimodal single-cell screens},
  author={Papalexi, Efthymia and Mimitou, Eleni P and Butler, Andrew W and Foster, Samantha and Bracken, Bernadette and Mauck III, William M and Wessels, Hans-Hermann and Hao, Yuhan and Yeung, Bertrand Z and Smibert, Peter and others},
  journal={Nature genetics},
  volume={53},
  number={3},
  pages={322--331},
  year={2021},
  publisher={Nature Publishing Group US New York}
}

@article{mimitou2021scalable,
  title={Scalable, multimodal profiling of chromatin accessibility, gene expression and protein levels in single cells},
  author={Mimitou, Eleni P and Lareau, Caleb A and Chen, Kelvin Y and Zorzetto-Fernandes, Andre L and Hao, Yuhan and Takeshima, Yusuke and Luo, Wendy and Huang, Tse-Shun and Yeung, Bertrand Z and Papalexi, Efthymia and others},
  journal={Nature biotechnology},
  volume={39},
  number={10},
  pages={1246--1258},
  year={2021},
  publisher={Nature Publishing Group US New York}
}

@article{hastings2009mechanisms,
  title={Mechanisms of change in gene copy number},
  author={Hastings, Philip J and Lupski, James R and Rosenberg, Susan M and Ira, Grzegorz},
  journal={Nature Reviews Genetics},
  volume={10},
  number={8},
  pages={551--564},
  year={2009},
  publisher={Nature Publishing Group UK London}
}

@article{castro2022jaspar,
  title={JASPAR 2022: the 9th release of the open-access database of transcription factor binding profiles},
  author={Castro-Mondragon, Jaime A and Riudavets-Puig, Rafael and Rauluseviciute, Ieva and Berhanu Lemma, Roza and Turchi, Laura and Blanc-Mathieu, Romain and Lucas, Jeremy and Boddie, Paul and Khan, Aziz and Manosalva P{\'e}rez, Nicol{\'a}s and others},
  journal={Nucleic acids research},
  volume={50},
  number={D1},
  pages={D165--D173},
  year={2022},
  publisher={Oxford University Press}
}

@article{welch2019single,
  title={Single-cell multi-omic integration compares and contrasts features of brain cell identity},
  author={Welch, Joshua D and Kozareva, Velina and Ferreira, Ashley and Vanderburg, Charles and Martin, Carly and Macosko, Evan Z},
  journal={Cell},
  volume={177},
  number={7},
  pages={1873--1887},
  year={2019},
  publisher={Elsevier}
}

@article{jerby2022dialogue,
  title={DIALOGUE maps multicellular programs in tissue from single-cell or spatial transcriptomics data},
  author={Jerby-Arnon, Livnat and Regev, Aviv},
  journal={Nature biotechnology},
  volume={40},
  number={10},
  pages={1467--1477},
  year={2022},
  publisher={Nature Publishing Group US New York}
}

@article{korsunsky2019fast,
  title={Fast, sensitive and accurate integration of single-cell data with Harmony},
  author={Korsunsky, Ilya and Millard, Nghia and Fan, Jean and Slowikowski, Kamil and Zhang, Fan and Wei, Kevin and Baglaenko, Yuriy and Brenner, Michael and Loh, Po-ru and Raychaudhuri, Soumya},
  journal={Nature methods},
  volume={16},
  number={12},
  pages={1289--1296},
  year={2019},
  publisher={Nature Publishing Group US New York}
}

@article{tirosh2016dissecting,
  title={Dissecting the multicellular ecosystem of metastatic melanoma by single-cell RNA-seq},
  author={Tirosh, Itay and Izar, Benjamin and Prakadan, Sanjay M and Wadsworth, Marc H and Treacy, Daniel and Trombetta, John J and Rotem, Asaf and Rodman, Christopher and Lian, Christine and Murphy, George and others},
  journal={Science},
  volume={352},
  number={6282},
  pages={189--196},
  year={2016},
  publisher={American Association for the Advancement of Science}
}

@article{gold2022developmental,
  title={Developmental Basis of SHH Medulloblastoma Heterogeneity},
  author={Gold, Maxwell P and Ong, Winnie and Masteller, Andrew M and Galindo, Julie Anne and Park, Noel R and Saurez, Raul A and Vladoiu, Maria C and Donovan, Laura K and Walker, Adam D and Benetatos, Joseph and others},
  journal={bioRxiv},
  pages={2022--09},
  year={2022},
  publisher={Cold Spring Harbor Laboratory}
}

@article{gayoso2022python,
  title={A Python library for probabilistic analysis of single-cell omics data},
  author={Gayoso, Adam and Lopez, Romain and Xing, Galen and Boyeau, Pierre and Valiollah Pour Amiri, Valeh and Hong, Justin and Wu, Katherine and Jayasuriya, Michael and Mehlman, Edouard and Langevin, Maxime and others},
  journal={Nature biotechnology},
  volume={40},
  number={2},
  pages={163--166},
  year={2022},
  publisher={Nature Publishing Group US New York}
}

@article{fan2020single,
  title={Single-cell transcriptomics in cancer: computational challenges and opportunities},
  author={Fan, Jean and Slowikowski, Kamil and Zhang, Fan},
  journal={Experimental \& Molecular Medicine},
  volume={52},
  number={9},
  pages={1452--1465},
  year={2020},
  publisher={Nature Publishing Group UK London}
}

@article{detomaso2019functional,
  title={Functional interpretation of single cell similarity maps},
  author={DeTomaso, David and Jones, Matthew G and Subramaniam, Meena and Ashuach, Tal and Ye, Chun J and Yosef, Nir},
  journal={Nature communications},
  volume={10},
  number={1},
  pages={4376},
  year={2019},
  publisher={Nature Publishing Group UK London}
}

@article{geary1954contiguity,
  title={The contiguity ratio and statistical mapping},
  author={Geary, Robert C},
  journal={The incorporated statistician},
  volume={5},
  number={3},
  pages={115--146},
  year={1954},
  publisher={JSTOR}
}

@article{alexandrov2020repertoire,
  title={The repertoire of mutational signatures in human cancer},
  author={Alexandrov, Ludmil B and Kim, Jaegil and Haradhvala, Nicholas J and Huang, Mi Ni and Tian Ng, Alvin Wei and Wu, Yang and Boot, Arnoud and Covington, Kyle R and Gordenin, Dmitry A and Bergstrom, Erik N and others},
  journal={Nature},
  volume={578},
  number={7793},
  pages={94--101},
  year={2020},
  publisher={Nature Publishing Group UK London}
}

@article{bhattacharya2020transcriptional,
  title={Transcriptional effects of copy number alterations in a large set of human cancers},
  author={Bhattacharya, Arkajyoti and Bense, Rico D and Urz{\'u}a-Traslavi{\~n}a, Carlos G and de Vries, Elisabeth GE and van Vugt, Marcel ATM and Fehrmann, Rudolf SN},
  journal={Nature communications},
  volume={11},
  number={1},
  pages={715},
  year={2020},
  publisher={Nature Publishing Group UK London}
}

@article{shao2019copy,
  title={Copy number variation is highly correlated with differential gene expression: a pan-cancer study},
  author={Shao, Xin and Lv, Ning and Liao, Jie and Long, Jinbo and Xue, Rui and Ai, Ni and Xu, Donghang and Fan, Xiaohui},
  journal={BMC medical genetics},
  volume={20},
  pages={1--14},
  year={2019},
  publisher={Springer}
}
